<record><leader>01502cam a2200433 i 45 0</leader><controlfield tag="001">6801624</controlfield><controlfield tag="003">OCoLC</controlfield><controlfield tag="005">20150209142823.0</controlfield><controlfield tag="006">m    |o  d |      </controlfield><controlfield tag="007">cr*|||||||||||</controlfield><controlfield tag="008">140908s2015    enk     o     000 0 eng  </controlfield><datafield ind1=" " ind2=" " tag="010"><subfield code="a">  2014030970</subfield></datafield><datafield ind1=" " ind2=" " tag="020"><subfield code="a">9781107280298 (ebook)</subfield></datafield><datafield ind1=" " ind2=" " tag="020"><subfield code="a">9781107051942</subfield><subfield code="q">(hardback)</subfield></datafield><datafield ind1=" " ind2=" " tag="020"><subfield code="a">1107051940</subfield><subfield code="q">(hardback)</subfield></datafield><datafield ind1=" " ind2=" " tag="020"><subfield code="a">9781107663862</subfield><subfield code="q">(paperback)</subfield></datafield><datafield ind1=" " ind2=" " tag="020"><subfield code="a">1107663865</subfield><subfield code="q">(paperback)</subfield></datafield><datafield ind1=" " ind2=" " tag="035"><subfield code="a">ocn903198513</subfield></datafield><datafield ind1=" " ind2=" " tag="040"><subfield code="a">DLC</subfield><subfield code="b">eng</subfield><subfield code="e">rda</subfield><subfield code="c">DLC</subfield><subfield code="d">OCLCO</subfield><subfield code="d">YDXCP</subfield><subfield code="d">OCLCQ</subfield><subfield code="d">BTCTA</subfield><subfield code="d">AEU</subfield></datafield><datafield ind1=" " ind2=" " tag="042"><subfield code="a">pcc</subfield></datafield><datafield ind1="0" ind2="0" tag="050"><subfield code="a">HV2474</subfield><subfield code="b">.S6194 2015</subfield></datafield><datafield ind1="0" ind2="0" tag="082"><subfield code="a">306.44087/2</subfield><subfield code="2">23</subfield></datafield><datafield ind1=" " ind2=" " tag="084"><subfield code="a">LAN017000</subfield><subfield code="2">bisacsh</subfield></datafield><datafield ind1=" " ind2=" " tag="090"><subfield code="a">Internet Access</subfield><subfield code="b">AEU</subfield></datafield><datafield ind1="0" ind2="0" tag="245"><subfield code="a">Sociolinguistics and deaf communities /</subfield><subfield code="c">edited by Ceil Lucas and Adam Schembri.</subfield></datafield><datafield ind1=" " ind2="1" tag="264"><subfield code="a">Cambridge, United Kingdom :</subfield><subfield code="b">Cambridge University Press,</subfield><subfield code="c">2015.</subfield></datafield><datafield ind1=" " ind2=" " tag="300"><subfield code="a">1 online resource.</subfield></datafield><datafield ind1=" " ind2=" " tag="336"><subfield code="a">text</subfield><subfield code="2">rdacontent</subfield></datafield><datafield ind1=" " ind2=" " tag="337"><subfield code="a">computer</subfield><subfield code="2">rdamedia</subfield></datafield><datafield ind1=" " ind2=" " tag="338"><subfield code="a">online resource</subfield><subfield code="2">rdacarrier</subfield></datafield><datafield ind1=" " ind2=" " tag="506"><subfield code="a">Access restricted to authorized users and institutions.</subfield></datafield><datafield ind1=" " ind2=" " tag="596"><subfield code="a">44</subfield></datafield><datafield ind1=" " ind2="0" tag="650"><subfield code="a">Sign language.</subfield></datafield><datafield ind1=" " ind2="0" tag="650"><subfield code="a">Deaf</subfield><subfield code="x">Means of communication.</subfield></datafield><datafield ind1=" " ind2="0" tag="650"><subfield code="a">Sociolinguistics.</subfield></datafield><datafield ind1="1" ind2=" " tag="700"><subfield code="a">Lucas, Ceil,</subfield><subfield code="e">editor.</subfield></datafield><datafield ind1="1" ind2=" " tag="700"><subfield code="a">Schembri, Adam,</subfield><subfield code="e">editor.</subfield></datafield><datafield ind1="4" ind2="0" tag="856"><subfield code="3">University of Alberta Access</subfield><subfield code="u">http://dx.doi.org/10.1017/CBO9781107280298</subfield></datafield><datafield ind1=" " ind2=" " tag="926"><subfield code="a">Internet Access</subfield><subfield code="w">LC</subfield><subfield code="c">1</subfield><subfield code="i">6801624-1001</subfield><subfield code="l">INTERNET</subfield><subfield code="m">UAINTERNET</subfield><subfield code="r">Y</subfield><subfield code="s">Y</subfield><subfield code="t">E-RESOURCE</subfield><subfield code="u">2/9/2015</subfield><subfield code="x">E-BOOK</subfield><subfield code="z">CBO</subfield></datafield></record>